% Encoding: UTF-8

@InProceedings{Markovtsev2019,
  author    = {Markovtsev, Vadim and Long, Waren and Mougard, Hugo and Slavnov, Konstantin and Bulychev, Egor},
  title     = {STYLE-ANALYZER: Fixing Code Style Inconsistencies with Interpretable Unsupervised Algorithms},
  booktitle = {Proceedings of MSR},
  year      = {2019},
}

@InProceedings{Boudin2015,
  author    = {Boudin, Florian and Mougard, Hugo and Favre, Benoit},
  title     = {Concept-Based Summarization Using Integer Linear Programming: from Concept Pruning to Multiple Optimal Solutions},
  booktitle = {Proceedings of EMNLP},
  year      = {2015},
}

@Comment{jabref-meta: databaseType:bibtex;}
