@InProceedings{mougard15:_paper_video,
  title =        {The Paper of the Video: Why Choose?},
  author =       {Mougard, Hugo and Riou, Matthieu and de la Higuera, Colin and Quiniou, Solen and Aubert, Oliver},
  booktitle = {Proceedings of the SAVE-SD Workshop of the 2015 World
                  Wide Web Conference},
  year = 2015,
  Pages = {In press}
}
