@InProceedings{Goeuriot2014,
  author = {Goeuriot, Lorraine and Kelly, Liadh and Leveling, Johannes and Mougard, Hugo and Jones, Gareth and Pecina, Pavel and Haji{\v{c}}, Jan},
  title  = {Report on Query Expansion Techniques},
  booktitle = {Khresmoi Project Public Deliverable},
  year   = {2014},
}
