@InProceedings{Long2019,
  author    = {Long, Waren and Markovtsev, Vadim and Mougard, Hugo and Bulychev, Egor and Hula, Jan},
  title     = {Identifying Collaborators in Large Codebases},
  booktitle = {Proceedings of ML4SE (MSR-Colocated Workshop)},
  year      = {2019},
}

@InProceedings{Boudin2016,
  author    = {Boudin, Florian and Mougard, Hugo and Cram, Damien},
  title     = {How Document Pre-Processing Affects Keyphrase Extraction Performance},
  booktitle = {Proceedings of COLING (WNUT Workshop)},
  year      = {2016},
}

@InProceedings{Mougard2015,
  author    = {Mougard, Hugo and Riou, Matthieu and De La Higuera, Colin and Quiniou, Solen and Aubert, Olivier},
  title     = {The Paper or the Video: Why Choose?},
  booktitle = {Proceedings of WWW (SAVE-SD Workshop)},
  year      = {2015},
}
